@article{Keshav,
	author = {Keshav, S.},
	title = {How to Read a Paper},
	journal = {SIGCOMM Comput. Commun. Rev.},
	issue_date = {July 2007},
	volume = {37},
	number = {3},
	month = jul,
	year = {2007},
	issn = {0146-4833},
	pages = {83--84},
	numpages = {2},
	url = {http://doi.acm.org/10.1145/1273445.1273458},
	doi = {10.1145/1273445.1273458},
	acmid = {1273458},
	publisher = {ACM},
	address = {New York, NY, USA},
	keywords = {hints, paper, reading},
} 
% ----------------------------------------------------------------------

@MastersThesis{fahim,
	author = {Fahim, Kistosil},
	title = {Konstruksi Transformasi Wavelet Menggunakan Aljabar Max Plus},
	school = {Institut Teknologi Sepuluh Nopember},
	year = {2014},
}

@ARTICLE{gos,
	AUTHOR =       {Goswami, Debayan dkk},
	TITLE =        {A Discrete Wavelet Transform based Cryptographic algorithm},
	JOURNAL =      {International Journal of Computer Science and Network Security},
	YEAR =         {2011},
	volume =       {11},
}

@Book{kro,
	ALTauthor = {Kromodimoeljo, Sentot},
	title = {Teori Dan Aplikasi Kriptografi},
	publisher = {SPK IT Consulting},
	year = {2010},
}

@ARTICLE{shan,
	AUTHOR =       {Shannon, Claude Elwood},
	TITLE =        {Communication Theory Of Secrecy Systems},
	JOURNAL =      {Bell Systems Technical Journal},
	YEAR =         {1949},
	volume =       {28},
	pages =        {656-715},
}

@Book{subiono,
	ALTauthor = {Subiono},
	title = {Aljabar Min Max Plus Dan Terapannya},
	publisher = {Institut Teknologi Sepuluh Nopember},
	year = {2015},
}

@Book{hoff,
	author = {K. A. Hoffmann and S. T. Chiang},
	year = {1995},
	title = {Computational Fluid Duynamics For Engineers Volume I.},
	publisher = {\emph{Engineering Education System}},
	address = {New York, NY, USA},
}
@Book{hoff153,
	author = {\cite{hoff} halaman 153},
}
@Book{hoff166,
	author = {\cite{hoff} halaman 166},
}